@article{su2009drafting,
  title={Drafting behind {Akamai}: Inferring Network Conditions Based on {CDN} Redirections},
  author={Su, Ao-Jan and Choffnes, David R and Kuzmanovic, Aleksandar and Bustamante, Fabi{\'a}n E},
  journal={IEEE/ACM Transactions on Networking (TON)},
  volume={17},
  number={6},
  pages={1752--1765},
  year={2009},
  publisher={IEEE Press}
}



@article{xue2017cdns,
  title={{CDNs} Meet {CN}: An Empirical Study of {CDN} Deployments in China},
  author={Xue, Jingan and Choffnes, David and Wang, Jilong},
  journal={IEEE Access},
  year={2017},
  publisher={IEEE}
}

@misc{google_warrant,
  title = "{Google must turn over foreign-stored emails pursuant to a warrant, court rules}",
  key = "Google",
  howpublished = {\url{https://www.washingtonpost.com/news/volokh-conspiracy/wp/2017/02/03/google-must-turn-over-foreign-stored-e-mails-pursuant-to-a-warrant-court-rules/?utm_term=.d05722b3773f}}
}

@inproceedings{andersen2005improving,
  title={Improving web availability for clients with MONET},
  author={Andersen, David G and Balakrishnan, Hari and Kaashoek, M Frans and Rao, Rohit N},
  booktitle={Proceedings of the 2nd conference on Symposium on Networked Systems Design \& Implementation-Volume 2},
  pages={115--128},
  year={2005},
  organization={USENIX Association}
}

@inproceedings{xiao2017personalized,
  title={Personalized Pseudonyms for Servers in the Cloud},
  author={Xiao, Qiuyu and Reiter, Michael K. and Zhang, Yinqian},
  booktitle={Privacy Enhancing Technologies},
  year={2017}
}

@inproceedings{gilad2016cdn,
  title={{CDN}-on-demand: an affordable {DDoS} defense via untrusted clouds},
  author={Gilad, Yossi and Herzberg, Amir and Sudkovitch, Michael and Goberman, Michael},
  booktitle={Network and Distributed Security Symposium (NDSS)},
  year={2016}
}

@inproceedings{huang2008measuring,
  title={Measuring and evaluating large-scale CDNs},
  author={Huang, Cheng and Wang, Angela and Li, Jin and Ross, Keith W},
  booktitle={ACM IMC},
  volume={8},
  year={2008}
}

@inproceedings{jung2002flash,
  title={Flash crowds and denial of service attacks: Characterization and implications for {CDNs} and web sites},
  author={Jung, Jaeyeon and Krishnamurthy, Balachander and Rabinovich, Michael},
  booktitle={Proceedings of the 11th international conference on World Wide Web},
  pages={293--304},
  year={2002},
  organization={ACM}
}

@inproceedings{wendell2011going,
  title={Going viral: Flash crowds in an open {CDN}},
  author={Wendell, Patrick and Freedman, Michael J},
  booktitle={Proceedings of the 2011 ACM SIGCOMM conference on Internet measurement conference},
  pages={549--558},
  year={2011},
  organization={ACM}
}

@inproceedings{scott2016satellite,
  title={Satellite: Joint analysis of {CDNs} and network-level interference},
  author={Scott, Will and Anderson, Thomas and Kohno, Tadayoshi and Krishnamurthy, Arvind},
  booktitle={2016 USENIX Annual Technical Conference (USENIX ATC 16)},
  pages={195--208},
  year={2016},
  organization={USENIX Association}
}

@inproceedings{zolfaghari2016practical,
  title={Practical Censorship Evasion Leveraging Content Delivery Networks},
  author={Zolfaghari, Hadi and Houmansadr, Amir},
  booktitle={Proceedings of the 2016 ACM SIGSAC Conference on Computer and Communications Security},
  pages={1715--1726},
  year={2016},
  organization={ACM}
}

@inproceedings{calder2013mapping,
  title={Mapping the expansion of {Google's} serving infrastructure},
  author={Calder, Matt and Fan, Xun and Hu, Zi and Katz-Bassett, Ethan and Heidemann, John and Govindan, Ramesh},
  booktitle={Proceedings of the 2013 conference on Internet measurement conference},
  pages={313--326},
  year={2013},
  organization={ACM}
}

@misc{datcat,
  title = "{DatCat: Internet Measurement Data Catalog}",
  key = "{DatCat}",
  howpublished = {\url{http://imdc.datcat.org/}}
}

@article{jia2016anonymity,
  title={Anonymity in Peer-assisted {CDNs}: Inference Attacks and Mitigation},
  author={Jia, Yaoqi and Bai, Guangdong and Saxena, Prateek and Liang, Zhenkai},
  journal={Proceedings on Privacy Enhancing Technologies},
  volume={2016},
  number={4},
  pages={294--314},
  year={2016}
}

@inproceedings{berger2017adaptsize,
  title={AdaptSize: Orchestrating the Hot Object Memory Cache in a Content Delivery Network},
  author={Berger, Daniel S and Sitaraman, Ramesh K and Harchol-Balter, Mor},
  booktitle={14th USENIX Symposium on Networked Systems Design and Implementation (NSDI 17)},
  pages={483--498},
  year={2017},
  organization={USENIX Association}
}

@article{berger2016achieving,
  title={Achieving high cache hit ratios for CDN memory caches with size-aware admission},
  author={Berger, Daniel S and Sitaraman, Ramesh K and Harchol-Balter, Mor},
  year={2016}
}

@inproceedings{butkiewicz2011understanding,
  title={Understanding website complexity: measurements, metrics, and implications},
  author={Butkiewicz, Michael and Madhyastha, Harsha V and Sekar, Vyas},
  booktitle={Proceedings of the 2011 ACM SIGCOMM conference on Internet measurement conference},
  pages={313--328},
  year={2011},
  organization={ACM}
}

@string{OSDI02 = "Proc.\ of the Fifth Symposium on Operating Systems Design and Implementation"}
@string{USENIXASSOC = "{USENIX} {Association}"}

@InProceedings{White+:osdi02,
        Author = {Brian White and Jay Lepreau and Leigh Stoller and
                  Robert Ricci and Shashi Guruprasad and Mac Newbold and
                  Mike Hibler and Chad Barb and Abhijeet Joglekar},
        Title={An Integrated Experimental Environment
                 for Distributed Systems and Networks},
        booktitle = OSDI02,
	organization = USENIXASSOC,
        address = {Boston, MA},
        month  = dec,
        year   = 2002,
	pages  = "255--270"
}

@misc{cedexis,
  title = "{Cedexis}",
  key = "Cedexis",
  howpublished = {\url{https://www.cedexis.com/}}
}

@inproceedings{panchenko2016website,
  title={Website fingerprinting at internet scale},
  author={Panchenko, Andriy and Lanze, Fabian and Zinnen, Andreas and Henze, Martin and Pennekamp, Jan and Wehrle, Klaus and Engel, Thomas},
  booktitle={Network \& Distributed System Security Symposium (NDSS). IEEE Computer Society},
  year={2016}
}

@inproceedings{cai2012touching,
  title={Touching from a distance: Website fingerprinting attacks and defenses},
  author={Cai, Xiang and Zhang, Xin Cheng and Joshi, Brijesh and Johnson, Rob},
  booktitle={Proceedings of the 2012 ACM conference on Computer and communications security},
  pages={605--616},
  year={2012},
  organization={ACM}
}

@misc{akamai_global_traffic,
  title = "{Akamai Empowers Operators to Deploy Their Own Content Distribution Network}",
  key = "Akamai",
  howpublished = {\url{https://www.akamai.com/us/en/resources/content-distribution-network.jsp}}
}

@article{arnbak2015loopholes,
  title={Loopholes for circumventing the constitution: Unrestrained bulk surveillance on Americans by collecting network traffic abroad},
  author={Arnbak, Axel and Goldberg, Sharon},
  year={2015}
}

@misc{rfc2227,
  title = "{Simple Hit-Metering and Usage-Limiting for HTTP}",
  key = "Simple",
  howpublished = {\url{https://www.ietf.org/rfc/rfc2227.txt}}
}

@misc{microsoft_ireland,
  title = "{2nd Circuit denies rehearing in Microsoft Ireland case by an evenly divided vote}",
  key = "2nd", 
  howpublished = {\url{https://www.washingtonpost.com/news/volokh-conspiracy/wp/2017/01/24/2nd-circuit-denies-rehearing-in-microsoft-ireland-case-by-an-evenly-divided-vote/?utm_term=.7007ac9e4dbc}}
}

@misc{microsoft_germany,
  title = "{Microsoft Offers EU Customers Option to Store Data in Germany}",
  key = "Microsoft",
  howpublished = {\url{https://www.wsj.com/articles/microsoft-tightens-eu-clients-data-protection-1447247197}}
}

@misc{eff_cloudflare_trademark,
  title = "{Victory for CloudFlare Against SOPA-like Court Order: Internet Service Doesn't Have to Police Music Labels' Trademark}",
  key = "Victory",
  howpublished = {\url{https://www.eff.org/deeplinks/2015/07/victory-cloudflare-against-sopa-court-order-internet-service-doesnt-have-police}}
}

@misc{akamai_facts,
  title= "{Akamai: Facts \& Figures}",
  key = "{Akamai}",
  howpublished = {\url{https://www.akamai.com/us/en/about/facts-figures.jsp}}
}

@misc{cloudflare_nsl,
  title = "{CREDO and Cloudflare Argue Against National Security Letter Gag Orders}",
  key = "{CREDO}",
  howpublished = {\url{https://techcrunch.com/2017/03/23/credo-and-cloudflare-argue-against-national-security-letter-gag-orders/}},
}

@inproceedings{krishnamurthy2001use,
  title={On the Use and Performance of Content Distribution Networks},
  author={Krishnamurthy, Balachander and Wills, Craig and Zhang, Yin},
  booktitle={Proceedings of the 1st ACM SIGCOMM Workshop on Internet Measurement},
  pages={169--182},
  year={2001},
  organization={ACM}
}

@misc{cloudflare_tor,
  title = "{The Trouble with Tor}",
  key = "{Trouble}",
  howpublished = {\url{https://blog.cloudflare.com/the-trouble-with-tor/}}
}

@inproceedings{khattak2016you,
  title={Do You See What I See? Differential Treatment of Anonymous Users},
  author={Khattak, Sheharbano and Fifield, David and Afroz, Sadia and Javed, Mobin and Sundaresan, Srikanth and Paxson, Vern and Murdoch, Steven J and McCoy, Damon},
  booktitle={Network and Distributed System Security Symposium},
  year={2016}
}

@misc{akamai_ssl,
  title = "{Secure Content Delivery Network}",
  key = "{Secure}",
  howpublished = {\url{https://www.akamai.com/us/en/multimedia/documents/akamai/akamai-secure-content-delivery-network-cdn.pdf}}
}

@misc{cloudflare_keyless,
  title = "{HTTPS is Fast and Hassle-free with Cloudflare}",
  key = "{HTTPS}",
  howpublished = {\url{https://www.cloudflare.com/static/media/pdf/cloudflare-whitepaper-https.pdf}}
}

@inproceedings{chen2016forwarding,
  title={Forwarding-Loop Attacks in Content Delivery Networks},
  author={Chen, Jianjun and Jiang, Jian and Zheng, Xiaofeng and Duan, Haixin and Liang, Jinjin and Li, Kang and Wan, Tao and Paxson, Vern},
  booktitle={Proceedings of the 23st Annual Network and Distributed System Security Symposium (NDSS'16)},
  year={2016}
}

@inproceedings{triukose2009content,
  title={Content Delivery Networks: Protection or Threat?},
  author={Triukose, Sipat and Al-Qudah, Zakaria and Rabinovich, Michael},
  booktitle={European Symposium on Research in Computer Security},
  pages={371--389},
  year={2009},
  organization={Springer}
}

@misc{predict,
  title = "{The Zettabyte Era -- Trends and Analysis -- Cisco}",
  key = "Zettabyte", 
  howpublished = {\url{http://www.cisco.com/c/en/us/solutions/collateral/service-provider/visual-networking-index-vni/vni-hyperconnectivity-wp.html}}
}

@inproceedings{su2008thinning,
  title={Thinning {Akamai}},
  author={Su, Ao-Jan and Kuzmanovic, Aleksandar},
  booktitle={Proceedings of the 8th ACM SIGCOMM Conference on Internet Measurement},
  pages={29--42},
  year={2008},
  organization={ACM}
}

@article{lesniewski2005ssl,
  title={{SSL} Splitting: Securely Serving Data from Untrusted Caches},
  author={Lesniewski-Laas, Chris and Kaashoek, M Frans},
  journal={Computer Networks},
  volume={48},
  number={5},
  pages={763--779},
  year={2005},
  publisher={Elsevier}
}

@inproceedings{michalakis2007ensuring,
  title={Ensuring Content Integrity for Untrusted Peer-to-Peer Content Distribution Networks},
  author={Michalakis, Nikolaos and Soul{\'e}, Robert and Grimm, Robert},
  booktitle={Proceedings of the 4th USENIX Conference on Networked Systems Design \& Implementation},
  pages={11--11},
  year={2007},
  organization={USENIX Association}
}

@article{levy2015stickler,
  title={Stickler: Defending Against Malicious {CDNs} in an Unmodified Browser},
  author={Levy, Amit and Corrigan-Gibbs, Henry and Boneh, Dan},
  journal={arXiv preprint arXiv:1506.04110},
  year={2015}
}

@inproceedings{liang2014https,
  title={When {HTTPS} Meets {CDN}: A Case of Authentication in Delegated Service},
  author={Liang, Jinjin and Jiang, Jian and Duan, Haixin and Li, Kang and Wan, Tao and Wu, Jianping},
  booktitle={Security and Privacy (S\&P), 2014 IEEE Symposium on},
  pages={67--82},
  year={2014},
  organization={IEEE}
}


@article{eu-copyright,
key = "eu-copyright",
title = "{EU Proposal for a Directive of The European Parliament and of the Council on Copyright in the Digital Single Market}",
year = 2016,
note = "\url{https://ec.europa.eu/transparency/regdoc/rep/1/2016/EN/1-2016-593-EN-F1-1.PDF}"
}
