@misc{dns_qname,
  author =  {S. Bortzmeyer},
  title = "{DNS Query Name Minimisation to Improve Privacy}",
  howpublished = "{Work in progress (Internet draft draft-bortzmeyer-dns-qname-minimisation-02)}",
  month = {May},
  year = {2014}
}

@misc{quad9,
  title = "{Quad9}",
  howpublished = {\url{https://quad9.net/}},
  year = {2017}
}

@misc{dns_tls,
  author = {J. Heidemann and A. Mankin and D. Wessels and P. Hoffman and Z. Hu and L. Zhu},
  title = "{Specification for DNS Over Transport Layer Security (TLS)}",
  howpublished = {Internet Engineering Task Force (IETF)},
  year = {2016}
}
