@article{su2009drafting,
  title={Drafting behind Akamai: Inferring Network Conditions Cased on CDN Redirections},
  author={Su, Ao-Jan and Choffnes, David R and Kuzmanovic, Aleksandar and Bustamante, Fabi{\'a}n E},
  journal={IEEE/ACM Transactions on Networking (TON)},
  volume={17},
  number={6},
  pages={1752--1765},
  year={2009},
  publisher={IEEE Press}
}

@misc{datcat,
  title = "{DatCat: Internet Measurement Data Catalog}",
  key = "{DatCat}",
  howpublished = {\url{http://imdc.datcat.org/}}
}

@inproceedings{berger2017adaptsize,
  title={AdaptSize: Orchestrating the Hot Object Memory Cache in a Content Delivery Network},
  author={Berger, Daniel S and Sitaraman, Ramesh K and Harchol-Balter, Mor},
  booktitle={14th USENIX Symposium on Networked Systems Design and Implementation (NSDI 17)},
  pages={483--498},
  year={2017},
  organization={USENIX Association}
}

@article{berger2016achieving,
  title={Achieving high cache hit ratios for CDN memory caches with size-aware admission},
  author={Berger, Daniel S and Sitaraman, Ramesh K and Harchol-Balter, Mor},
  year={2016}
}

@inproceedings{butkiewicz2011understanding,
  title={Understanding website complexity: measurements, metrics, and implications},
  author={Butkiewicz, Michael and Madhyastha, Harsha V and Sekar, Vyas},
  booktitle={Proceedings of the 2011 ACM SIGCOMM conference on Internet measurement conference},
  pages={313--328},
  year={2011},
  organization={ACM}
}

@string{OSDI02 = "Proc.\ of the Fifth Symposium on Operating Systems Design and Implementation"}
@string{USENIXASSOC = "{USENIX} {Association}"}

@InProceedings{White+:osdi02,
        Author = {Brian White and Jay Lepreau and Leigh Stoller and
                  Robert Ricci and Shashi Guruprasad and Mac Newbold and
                  Mike Hibler and Chad Barb and Abhijeet Joglekar},
        Title={An Integrated Experimental Environment
                 for Distributed Systems and Networks},
        booktitle = OSDI02,
	organization = USENIXASSOC,
        address = {Boston, MA},
        month  = dec,
        year   = 2002,
	pages  = "255--270"
}

@misc{cedexis,
  title = "{Cedexis}",
  key = "Cedexis",
  howpublished = {\url{https://www.cedexis.com/}}
}

@misc{akamai_global_traffic,
  title = "{Akamai Empowers Operators to Deploy Their Own Content Distribution Network}",
  key = "Akamai",
  howpublished = {\url{https://www.akamai.com/us/en/resources/content-distribution-network.jsp}}
}

@misc{rfc2227,
  title = "{Simple Hit-Metering and Usage-Limiting for HTTP}",
  key = "Simple",
  howpublished = {\url{https://www.ietf.org/rfc/rfc2227.txt}}
}

@misc{microsoft_germany,
  title = "{Microsoft Offers EU Customers Option to Store Data in Germany}",
  key = "Microsoft",
  howpublished = {\url{https://www.wsj.com/articles/microsoft-tightens-eu-clients-data-protection-1447247197}}
}

@misc{eff_cloudflare_trademark,
  title = "{Victory for CloudFlare Against SOPA-like Court Order: Internet Service Doesn't Have to Police Music Labels' Trademark}",
  key = "Victory",
  howpublished = {\url{https://www.eff.org/deeplinks/2015/07/victory-cloudflare-against-sopa-court-order-internet-service-doesnt-have-police}}
}

@misc{akamai_facts,
  title= "{Akamai: Facts \& Figures}",
  key = "{Akamai}",
  howpublished = {\url{https://www.akamai.com/us/en/about/facts-figures.jsp}}
}

@misc{cloudflare_nsl,
  title = "{CREDO and Cloudflare Argue Against National Security Letter Gag Orders}",
  key = "{CREDO}",
  howpublished = {\url{https://techcrunch.com/2017/03/23/credo-and-cloudflare-argue-against-national-security-letter-gag-orders/}},
}

@inproceedings{krishnamurthy2001use,
  title={On the Use and Performance of Content Distribution Networks},
  author={Krishnamurthy, Balachander and Wills, Craig and Zhang, Yin},
  booktitle={Proceedings of the 1st ACM SIGCOMM Workshop on Internet Measurement},
  pages={169--182},
  year={2001},
  organization={ACM}
}

@misc{cloudflare_tor,
  title = "{The Trouble with Tor}",
  key = "{Trouble}",
  howpublished = {\url{https://blog.cloudflare.com/the-trouble-with-tor/}}
}

@inproceedings{khattak2016you,
  title={Do You See What I See? Differential Treatment of Anonymous Users},
  author={Khattak, Sheharbano and Fifield, David and Afroz, Sadia and Javed, Mobin and Sundaresan, Srikanth and Paxson, Vern and Murdoch, Steven J and McCoy, Damon},
  booktitle={Network and Distributed System Security Symposium},
  year={2016}
}

@misc{akamai_ssl,
  title = "{Secure Content Delivery Network}",
  key = "{Secure}",
  howpublished = {\url{https://www.akamai.com/us/en/multimedia/documents/akamai/akamai-secure-content-delivery-network-cdn.pdf}}
}

@misc{cloudflare_keyless,
  title = "{HTTPS is Fast and Hassle-free with Cloudflare}",
  key = "{HTTPS}",
  howpublished = {\url{https://www.cloudflare.com/static/media/pdf/cloudflare-whitepaper-https.pdf}}
}

@inproceedings{chen2016forwarding,
  title={Forwarding-Loop Attacks in Content Delivery Networks},
  author={Chen, Jianjun and Jiang, Jian and Zheng, Xiaofeng and Duan, Haixin and Liang, Jinjin and Li, Kang and Wan, Tao and Paxson, Vern},
  booktitle={Proceedings of the 23st Annual Network and Distributed System Security Symposium (NDSS'16)},
  year={2016}
}

@inproceedings{triukose2009content,
  title={Content Delivery Networks: Protection or Threat?},
  author={Triukose, Sipat and Al-Qudah, Zakaria and Rabinovich, Michael},
  booktitle={European Symposium on Research in Computer Security},
  pages={371--389},
  year={2009},
  organization={Springer}
}

@inproceedings{su2008thinning,
  title={Thinning Akamai},
  author={Su, Ao-Jan and Kuzmanovic, Aleksandar},
  booktitle={Proceedings of the 8th ACM SIGCOMM Conference on Internet Measurement},
  pages={29--42},
  year={2008},
  organization={ACM}
}

@article{lesniewski2005ssl,
  title={SSL Splitting: Securely Serving Data from Untrusted Caches},
  author={Lesniewski-Laas, Chris and Kaashoek, M Frans},
  journal={Computer Networks},
  volume={48},
  number={5},
  pages={763--779},
  year={2005},
  publisher={Elsevier}
}

@inproceedings{michalakis2007ensuring,
  title={Ensuring Content Integrity for Untrusted Peer-to-Peer Content Distribution Networks},
  author={Michalakis, Nikolaos and Soul{\'e}, Robert and Grimm, Robert},
  booktitle={Proceedings of the 4th USENIX Conference on Networked Systems Design \& Implementation},
  pages={11--11},
  year={2007},
  organization={USENIX Association}
}

@article{levy2015stickler,
  title={Stickler: Defending Against Malicious CDNs in an Unmodified Browser},
  author={Levy, Amit and Corrigan-Gibbs, Henry and Boneh, Dan},
  journal={arXiv preprint arXiv:1506.04110},
  year={2015}
}

@inproceedings{liang2014https,
  title={When HTTPS Meets CDN: A Case of Authentication in Delegated Service},
  author={Liang, Jinjin and Jiang, Jian and Duan, Haixin and Li, Kang and Wan, Tao and Wu, Jianping},
  booktitle={Security and Privacy (S\&P), 2014 IEEE Symposium on},
  pages={67--82},
  year={2014},
  organization={IEEE}
}
