@article{su2009drafting,
  title={Drafting behind {Akamai}: Inferring Network Conditions Based on {CDN} Redirections},
  author={Su, Ao-Jan and Choffnes, David R and Kuzmanovic, Aleksandar and Bustamante, Fabi{\'a}n E},
  journal={IEEE/ACM Transactions on Networking (TON)},
  volume={17},
  number={6},
  pages={1752--1765},
  year={2009},
  publisher={IEEE Press}
}

@article{kermarrec2007gossiping,
  title={Gossiping in distributed systems},
  author={Kermarrec, Anne-Marie and Van Steen, Maarten},
  journal={ACM SIGOPS Operating Systems Review},
  volume={41},
  number={5},
  pages={2--7},
  year={2007},
  publisher={ACM}
}

@article{geambasu2009experiences,
  title="{Experiences building security applications on DHTs}",
  author={Geambasu, Roxana and Falkner, Jarret and Gardner, Paul and Kohno, Tadayoshi and Krishnamurthy, Arvind and Levy, Henry M},
  journal={Technical Report, UW-CSE-09--09--01},
  year={2009}
}

@inproceedings{wolchok2010defeating,
  title="{Defeating Vanish with Low-Cost Sybil Attacks Against Large DHTs}",
  author={Wolchok, Scott and Hofmann, Owen S and Heninger, Nadia and Felten, Edward W and Halderman, J Alex and Rossbach, Christopher J and Waters, Brent and Witchel, Emmett},
  booktitle={NDSS},
  year={2010}
}

@article{vogels2003power,
  title={The power of epidemics: robust communication for large-scale distributed systems},
  author={Vogels, Werner and Van Renesse, Robbert and Birman, Ken},
  journal={ACM SIGCOMM Computer Communication Review},
  volume={33},
  number={1},
  pages={131--135},
  year={2003},
  publisher={Acm}
}

@article{eugster2004epidemic,
  title={Epidemic information dissemination in distributed systems},
  author={Eugster, Patrick T and Guerraoui, Rachid and Kermarrec, A-M and Massouli{\'e}, Laurent},
  journal={Computer},
  volume={37},
  number={5},
  pages={60--67},
  year={2004},
  publisher={IEEE}
}

@inproceedings{monnerat2006d1ht,
  title="{D1HT: a distributed one hop hash table}",
  author={Monnerat, Luiz Rodolpho and Amorim, Claudio L},
  booktitle={International Parallel and Distributed Processing Symposium},
  pages={10--pp},
  year={2006},
  organization={IEEE}
}

@inproceedings{risson2006stable,
  title={Stable high-capacity one-hop distributed hash tables},
  author={Risson, John and Harwood, Aaron and Moors, Tim},
  booktitle={IEEE Symposium on Computers and Communications},
  pages={687--694},
  year={2006},
  organization={IEEE}
}

@article{zhu2005efficient,
  title="{Efficient, proximity-aware load balancing for DHT-based P2P systems}",
  author={Zhu, Yingwu and Hu, Yiming},
  journal={IEEE Transactions on Parallel and Distributed Systems},
  volume={16},
  number={4},
  pages={349--361},
  year={2005},
  publisher={IEEE}
}

@inproceedings{gupta2003kelips,
  title={Kelips: Building an efficient and stable P2P DHT through increased memory and background overhead},
  author={Gupta, Indranil and Birman, Ken and Linga, Prakash and Demers, Al and Van Renesse, Robbert},
  booktitle={International Workshop on Peer-to-Peer Systems},
  pages={160--169},
  year={2003},
  organization={Springer}
}

@inproceedings{lesniewski2008sybil,
  title="{A Sybil-proof one-hop DHT}",
  author={Lesniewski-Laas, Chris},
  booktitle={Workshop on Social Network Systems},
  pages={19--24},
  year={2008},
  organization={ACM}
}

@inproceedings{leong2004achieving,
  title="{Achieving one-hop DHT lookup and strong stabilization by passing tokens}",
  author={Leong, Ben and Li, Ji},
  booktitle={IEEE International Conference on Networks},
  volume={1},
  pages={344--350},
  year={2004},
  organization={IEEE}
}

@article{chaum1981untraceable,
  title={Untraceable electronic mail, return addresses, and digital pseudonyms},
  author={Chaum, David L},
  journal={Communications of the ACM},
  volume={24},
  number={2},
  pages={84--90},
  year={1981},
  publisher={ACM}
}

@misc{sec230,
  title = "{47 U.S. Code ยง 230 - Protection for private blocking and screening of offensive material}",
  key = "{47}",
  howpublished = {\url{https://www.law.cornell.edu/uscode/text/47/230}}
}

@inproceedings{karger1997consistent,
  title={Consistent hashing and random trees: Distributed caching protocols for relieving hot spots on the World Wide Web},
  author={Karger, David and Lehman, Eric and Leighton, Tom and Panigrahy, Rina and Levine, Matthew and Lewin, Daniel},
  booktitle={ACM Symposium on Theory of Computing},
  pages={654--663},
  year={1997},
  organization={ACM}
}

@phdthesis{lewin1998consistent,
  title={Consistent hashing and random trees: Algorithms for caching in distributed networks},
  author={Lewin, Daniel Mark},
  year={1998},
  school={Massachusetts Institute of Technology}
}

@inproceedings{wright2009traffic,
  title={Traffic Morphing: An Efficient Defense Against Statistical Traffic Analysis.},
  author={Wright, Charles V and Coull, Scott E and Monrose, Fabian},
  booktitle={NDSS},
  volume={9},
  year={2009}
}

@inproceedings{rackoff1993cryptographic,
  title={Cryptographic defense against traffic analysis},
  author={Rackoff, Charles and Simon, Daniel R},
  booktitle={ACM symposium on Theory of Computing},
  pages={672--681},
  year={1993},
  organization={ACM}
}

@inproceedings{gupta2016scalable,
  title={Scalable and Private Media Consumption with Popcorn.},
  author={Gupta, Trinabh and Crooks, Natacha and Mulhern, Whitney and Setty, Srinath TV and Alvisi, Lorenzo and Walfish, Michael},
  booktitle={NSDI},
  pages={91--107},
  year={2016}
}

@misc{ars_tor,
  title="{Cloudflare: 94 Percent of the Tor Traffic We See is ``Per Se Malicious''}",
  key="Cloudflare",
  howpublished = {\url{https://arstechnica.com/tech-policy/2016/03/new-data-suggests-94-percent-of-tor-traffic-is-malicious/}}
}

@phdthesis{mazieres2000self,
  title={Self-certifying file system},
  author={Mazi{\`e}res, David David Folkman},
  year={2000},
  school={Massachusetts Institute of Technology}
}

@article{xue2017cdns,
  title={{CDNs} Meet {CN}: An Empirical Study of {CDN} Deployments in China},
  author={Xue, Jingan and Choffnes, David and Wang, Jilong},
  journal={IEEE Access},
  year={2017},
  publisher={IEEE}
}

@inproceedings{barford1998generating,
  title={Generating representative web workloads for network and server performance evaluation},
  author={Barford, Paul and Crovella, Mark},
  booktitle={ACM SIGMETRICS Performance Evaluation Review},
  volume={26},
  pages={151--160},
  year={1998},
  organization={ACM}
}

@misc{google_warrant,
  title = "{Google must turn over foreign-stored emails pursuant to a warrant, court rules}",
  key = "Google",
  howpublished = {\url{https://www.washingtonpost.com/news/volokh-conspiracy/wp/2017/02/03/google-must-turn-over-foreign-stored-e-mails-pursuant-to-a-warrant-court-rules/?utm_term=.d05722b3773f}}
}

@inproceedings{andersen2005improving,
  title={Improving web availability for clients with MONET},
  author={Andersen, David G and Balakrishnan, Hari and Kaashoek, M Frans and Rao, Rohit N},
  booktitle={Symposium on Networked Systems Design \& Implementation-Volume 2},
  pages={115--128},
  year={2005},
  organization={USENIX Association}
}

@inproceedings{xiao2017personalized,
  title={Personalized Pseudonyms for Servers in the Cloud},
  author={Xiao, Qiuyu and Reiter, Michael K. and Zhang, Yinqian},
  booktitle={Privacy Enhancing Technologies},
  year={2017}
}

@inproceedings{gilad2016cdn,
  title={{CDN}-on-demand: an affordable {DDoS} defense via untrusted clouds},
  author={Gilad, Yossi and Herzberg, Amir and Sudkovitch, Michael and Goberman, Michael},
  booktitle={Network and Distributed Security Symposium (NDSS)},
  year={2016}
}

@inproceedings{huang2008measuring,
  title={Measuring and evaluating large-scale CDNs},
  author={Huang, Cheng and Wang, Angela and Li, Jin and Ross, Keith W},
  booktitle={ACM IMC},
  volume={8},
  year={2008}
}

@inproceedings{jung2002flash,
  title={Flash crowds and denial of service attacks: Characterization and implications for {CDNs} and web sites},
  author={Jung, Jaeyeon and Krishnamurthy, Balachander and Rabinovich, Michael},
  booktitle={International Conference on World Wide Web},
  pages={293--304},
  year={2002},
  organization={ACM}
}

@inproceedings{wendell2011going,
  title={Going viral: Flash crowds in an open {CDN}},
  author={Wendell, Patrick and Freedman, Michael J},
  booktitle={ACM SIGCOMM Conference on Internet Measurement},
  pages={549--558},
  year={2011},
  organization={ACM}
}

@inproceedings{scott2016satellite,
  title={Satellite: Joint analysis of {CDNs} and network-level interference},
  author={Scott, Will and Anderson, Thomas and Kohno, Tadayoshi and Krishnamurthy, Arvind},
  booktitle={2016 USENIX Annual Technical Conference (USENIX ATC 16)},
  pages={195--208},
  year={2016},
  organization={USENIX Association}
}

@inproceedings{zolfaghari2016practical,
  title={Practical Censorship Evasion Leveraging Content Delivery Networks},
  author={Zolfaghari, Hadi and Houmansadr, Amir},
  booktitle={ACM SIGSAC Conference on Computer and Communications Security},
  pages={1715--1726},
  year={2016},
  organization={ACM}
}

@inproceedings{calder2013mapping,
  title={Mapping the expansion of {Google's} serving infrastructure},
  author={Calder, Matt and Fan, Xun and Hu, Zi and Katz-Bassett, Ethan and Heidemann, John and Govindan, Ramesh},
  booktitle={ACM Conference on Internet Measurement},
  pages={313--326},
  year={2013},
  organization={ACM}
}

@misc{datcat,
  title = "{DatCat: Internet Measurement Data Catalog}",
  key = "{DatCat}",
  howpublished = {\url{http://imdc.datcat.org/}}
}

@article{jia2016anonymity,
  title={Anonymity in Peer-assisted {CDNs}: Inference Attacks and Mitigation},
  author={Jia, Yaoqi and Bai, Guangdong and Saxena, Prateek and Liang, Zhenkai},
  journal={Proceedings on Privacy Enhancing Technologies},
  volume={2016},
  number={4},
  pages={294--314},
  year={2016}
}

@inproceedings{berger2017adaptsize,
  title={AdaptSize: Orchestrating the Hot Object Memory Cache in a Content Delivery Network},
  author={Berger, Daniel S and Sitaraman, Ramesh K and Harchol-Balter, Mor},
  booktitle={14th USENIX Symposium on Networked Systems Design and Implementation (NSDI 17)},
  pages={483--498},
  year={2017},
  organization={USENIX Association}
}

@article{berger2016achieving,
  title={Achieving high cache hit ratios for CDN memory caches with size-aware admission},
  author={Berger, Daniel S and Sitaraman, Ramesh K and Harchol-Balter, Mor},
  year={2016}
}

@inproceedings{butkiewicz2011understanding,
  title={Understanding website complexity: measurements, metrics, and implications},
  author={Butkiewicz, Michael and Madhyastha, Harsha V and Sekar, Vyas},
  booktitle={ACM SIGCOMM Conference on Internet Measurement},
  pages={313--328},
  year={2011},
  organization={ACM}
}

@string{OSDI02 = "Proc.\ of the Fifth Symposium on Operating Systems Design and Implementation"}
@string{USENIXASSOC = "{USENIX} {Association}"}

@InProceedings{White+:osdi02,
        Author = {Brian White and Jay Lepreau and Leigh Stoller and
                  Robert Ricci and Shashi Guruprasad and Mac Newbold and
                  Mike Hibler and Chad Barb and Abhijeet Joglekar},
        Title={An Integrated Experimental Environment
                 for Distributed Systems and Networks},
        booktitle = OSDI02,
	organization = USENIXASSOC,
        address = {Boston, MA},
        month  = dec,
        year   = 2002,
	pages  = "255--270"
}

@misc{cedexis,
  title = "{Cedexis}",
  key = "Cedexis",
  howpublished = {\url{https://www.cedexis.com/}}
}

@inproceedings{panchenko2016website,
  title={Website fingerprinting at internet scale},
  author={Panchenko, Andriy and Lanze, Fabian and Zinnen, Andreas and Henze, Martin and Pennekamp, Jan and Wehrle, Klaus and Engel, Thomas},
  booktitle={Network \& Distributed System Security Symposium (NDSS). IEEE Computer Society},
  year={2016}
}

@inproceedings{cai2012touching,
  title={Touching from a distance: Website fingerprinting attacks and defenses},
  author={Cai, Xiang and Zhang, Xin Cheng and Joshi, Brijesh and Johnson, Rob},
  booktitle={ACM Conference on Computer and Communications Security},
  pages={605--616},
  year={2012},
  organization={ACM}
}

@misc{akamai_global_traffic,
  title = "{Akamai Empowers Operators to Deploy Their Own Content Distribution Network}",
  key = "Akamai",
  howpublished = {\url{https://www.akamai.com/us/en/resources/content-distribution-network.jsp}}
}

@article{arnbak2015loopholes,
  title={Loopholes for circumventing the constitution: Unrestrained bulk surveillance on Americans by collecting network traffic abroad},
  author={Arnbak, Axel and Goldberg, Sharon},
  year={2015}
}

@inproceedings{clarke2001freenet,
  title={Freenet: A distributed anonymous information storage and retrieval system},
  author={Clarke, Ian and Sandberg, Oskar and Wiley, Brandon and Hong, Theodore W},
  booktitle={Designing privacy enhancing technologies},
  pages={46--66},
  year={2001},
  organization={Springer}
}

@misc{rfc2227,
  title = "{Simple Hit-Metering and Usage-Limiting for HTTP}",
  author = {J. Mogul and P. Leach},
  year = {1997},
  howpublished = {\url{https://www.ietf.org/rfc/rfc2227.txt}}
}

@misc{microsoft_ireland,
  title = "{2nd Circuit denies rehearing in Microsoft Ireland case by an evenly divided vote}",
  key = "2nd", 
  howpublished = {\url{https://www.washingtonpost.com/news/volokh-conspiracy/wp/2017/01/24/2nd-circuit-denies-rehearing-in-microsoft-ireland-case-by-an-evenly-divided-vote/?utm_term=.7007ac9e4dbc}}
}

@techreport{dingledine2004tor,
  title={Tor: The second-generation onion router},
  author={Dingledine, Roger and Mathewson, Nick and Syverson, Paul},
  year={2004},
  institution={Naval Research Lab Washington DC}
}

@misc{microsoft_germany,
  title = "{Microsoft Offers EU Customers Option to Store Data in Germany}",
  key = "Microsoft",
  howpublished = {\url{https://www.wsj.com/articles/microsoft-tightens-eu-clients-data-protection-1447247197}}
}

@misc{eff_cloudflare_trademark,
  title = "{Victory for CloudFlare Against SOPA-like Court Order: Internet Service Doesn't Have to Police Music Labels' Trademark}",
  key = "Victory",
  howpublished = {\url{https://www.eff.org/deeplinks/2015/07/victory-cloudflare-against-sopa-court-order-internet-service-doesnt-have-police}}
}

@misc{akamai_facts,
  title= "{Akamai: Facts \& Figures}",
  key = "{Akamai}",
  howpublished = {\url{https://www.akamai.com/us/en/about/facts-figures.jsp}}
}

@misc{cloudflare_nsl,
  title = "{CREDO and Cloudflare Argue Against National Security Letter Gag Orders}",
  key = "{CREDO}",
  howpublished = {\url{https://techcrunch.com/2017/03/23/credo-and-cloudflare-argue-against-national-security-letter-gag-orders/}},
}

@misc{facebook_surv,
  title = "{How the NSA \& FBI made Facebook the perfect mass surveillance tool.}",
  key = "{how}",
  howpublished = {\url{https://venturebeat.com/2014/05/15/how-the-nsa-fbi-made-facebook-the-perfect-mass-surveillance-tool/}}
}

@misc{nytimes_hatespeech,
  title = "{Delete Hate Speech or Pay Up, Germany Tells Social Media Companies}",
  key = "{delete}",
  howpublished = {\url{https://www.nytimes.com/2017/06/30/business/germany-facebook-google-twitter.html}}
}

@misc{medium_sesta,
  title = "{Balancing Child Protection and Digital Rights}",
  key = "{balancing}",
  howpublished = {\url{https://medium.com/@jmalcolm/balancing-child-protection-and-digital-rights-1b9c4ab0b93f}}
}

@misc{medium_copyright,
  title = "{Content Delivery Networks Arenโt Notorious Markets}",
  key = "{content}",
  howpublished = {\url{https://medium.com/niskanen-center/content-delivery-networks-arent-notorious-markets-2a448a549cf7}}
}

@misc{eff_copyright,
  title = "{Content Delivery Networks (CDNs)}",
  key = "{content}",
  howpublished = {\url{https://www.eff.org/free-speech-weak-link/cdn}}
}

@misc{stack_copyright,
  title = "{District court rules against Cloudflare in anti-piracy suit}",
  key = "{district}",
  howpublished = {\url{https://thestack.com/security/2017/03/29/district-court-rules-against-cloudflare-in-anti-piracy-suit/}}
}

@misc{techdirt_copyright,
  title = "{Court Says RIAA Can Just Tell Cloudflare Any Site Is a Grooveshark Clone... And Cloudflare Has 48 Hours To Dump Them}",
  key = "{}",
  howpublished = {\url{https://www.techdirt.com/articles/20151214/17392833079/court-says-riaa-can-just-tell-cloudflare-any-site-is-grooveshark-clone-cloudflare-has-48-hours-to-dump-them.shtml}}
}

@inproceedings{krishnamurthy2001use,
  title={On the Use and Performance of Content Distribution Networks},
  author={Krishnamurthy, Balachander and Wills, Craig and Zhang, Yin},
  booktitle={ACM SIGCOMM Workshop on Internet Measurement},
  pages={169--182},
  year={2001},
  organization={ACM}
}

@misc{cloudflare_tor,
  title = "{The Trouble with Tor}",
  key = "{Trouble}",
  howpublished = {\url{https://blog.cloudflare.com/the-trouble-with-tor/}}
}

@inproceedings{khattak2016you,
  title="{Do You See What I See? Differential Treatment of Anonymous Users}",
  author={Khattak, Sheharbano and Fifield, David and Afroz, Sadia and Javed, Mobin and Sundaresan, Srikanth and Paxson, Vern and Murdoch, Steven J and McCoy, Damon},
  booktitle={Network and Distributed System Security Symposium},
  year={2016}
}

@misc{akamai_ssl,
  title = "{Secure Content Delivery Network}",
  key = "{Secure}",
  howpublished = {\url{https://www.akamai.com/us/en/multimedia/documents/akamai/akamai-secure-content-delivery-network-cdn.pdf}}
}

@misc{cloudflare_keyless,
  title = "{HTTPS is Fast and Hassle-free with Cloudflare}",
  key = "{HTTPS}",
  howpublished = {\url{https://www.cloudflare.com/static/media/pdf/cloudflare-whitepaper-https.pdf}}
}

@inproceedings{chen2016forwarding,
  title={Forwarding-Loop Attacks in Content Delivery Networks},
  author={Chen, Jianjun and Jiang, Jian and Zheng, Xiaofeng and Duan, Haixin and Liang, Jinjin and Li, Kang and Wan, Tao and Paxson, Vern},
  booktitle={Network and Distributed System Security Symposium (NDSS'16)},
  year={2016}
}

@inproceedings{triukose2009content,
  title={Content Delivery Networks: Protection or Threat?},
  author={Triukose, Sipat and Al-Qudah, Zakaria and Rabinovich, Michael},
  booktitle={European Symposium on Research in Computer Security},
  pages={371--389},
  year={2009},
  organization={Springer}
}

@misc{predict,
  title = "{The Zettabyte Era -- Trends and Analysis -- Cisco}",
  key = "Zettabyte", 
  howpublished = {\url{http://www.cisco.com/c/en/us/solutions/collateral/service-provider/visual-networking-index-vni/vni-hyperconnectivity-wp.html}}
}

@inproceedings{su2008thinning,
  title={Thinning {Akamai}},
  author={Su, Ao-Jan and Kuzmanovic, Aleksandar},
  booktitle={ACM SIGCOMM Conference on Internet Measurement},
  pages={29--42},
  year={2008},
  organization={ACM}
}

@article{lesniewski2005ssl,
  title={{SSL} Splitting: Securely Serving Data from Untrusted Caches},
  author={Lesniewski-Laas, Chris and Kaashoek, M Frans},
  journal={Computer Networks},
  volume={48},
  number={5},
  pages={763--779},
  year={2005},
  publisher={Elsevier}
}

@inproceedings{michalakis2007ensuring,
  title={Ensuring Content Integrity for Untrusted Peer-to-Peer Content Distribution Networks},
  author={Michalakis, Nikolaos and Soul{\'e}, Robert and Grimm, Robert},
  booktitle={USENIX Conference on Networked Systems Design \& Implementation},
  pages={11--11},
  year={2007},
  organization={USENIX Association}
}

@article{levy2015stickler,
  title={Stickler: Defending Against Malicious {CDNs} in an Unmodified Browser},
  author={Levy, Amit and Corrigan-Gibbs, Henry and Boneh, Dan},
  journal={arXiv preprint arXiv:1506.04110},
  year={2015}
}

@inproceedings{liang2014https,
  title={When {HTTPS} Meets {CDN}: A Case of Authentication in Delegated Service},
  author={Liang, Jinjin and Jiang, Jian and Duan, Haixin and Li, Kang and Wan, Tao and Wu, Jianping},
  booktitle={IEEE Symposium on Security and Privacy (S\&P)},
  pages={67--82},
  year={2014},
  organization={IEEE}
}


@article{eu-copyright,
key = "eu-copyright",
title = "{EU Proposal for a Directive of The European Parliament and of the Council on Copyright in the Digital Single Market}",
year = 2016,
note = "\url{https://ec.europa.eu/transparency/regdoc/rep/1/2016/EN/1-2016-593-EN-F1-1.PDF}"
}
