@book{schneier2007applied,
  title={Applied Cryptography: Protocols, Algorithms, and Source Code in C},
  author={Schneier, Bruce},
  year={2007},
  publisher={john wiley \& sons}
}

@misc{cloudflare_tor,
  title="{The Trouble with Tor}",
  key = "Trouble",
  howpublished = {\url{https://blog.cloudflare.com/the-trouble-with-tor/}}
}

@misc{google_overseas,
  title="{Google must turn over foreign-stored emails pursuant to a warrant, court rules}",
  key="Google",
  howpublished = {\url{https://www.washingtonpost.com/news/volokh-conspiracy/wp/2017/02/03/google-must-turn-over-foreign-stored-e-mails-pursuant-to-a-warrant-court-rules/?utm_term=.e73f546c25c0}}
}

@misc{uk_whatsapp,
  title = "{UK Targets WhatsApp Encryption After London Attack}",
  key = "UK",
  howpublished = {\url{http://www.rappler.com/technology/news/165288-uk-targets-whatsapp-encryption-london-parliament-attack}}
}

@misc{exec_order,
  title = "{Executive Order: Enhancing Public Safety in the Interior of the United States}",
  key = "Executive",
  howpublished = {\url{https://www.whitehouse.gov/the-press-office/2017/01/25/presidential-executive-order-enhancing-public-safety-interior-united}},
}

@misc{violate_PS,
  title = "{Trump Order Strips Privacy Rights from Non-U.S. Citizens, Could Nix EU-US Data Flows}",
  key = "Trump",
  howpublished = {\url{https://techcrunch.com/2017/01/26/trump-order-strips-privacy-rights-from-non-u-s-citizens-could-nix-eu-us-data-flows/}},
}

@misc{net_neutrality,
  title = "{Global Net Neutrality Coalition}",
  key = "Global",
  howpublished = {\url{https://www.thisisnetneutrality.org/}}
}

@misc{isps_see,
  title ="{What ISPs Can See: Clarifying the Technical Landscape of the Broadband Privacy Debate}",
  key = "What",
  howpublished = {\url{https://www.teamupturn.com/reports/2016/what-isps-can-see}}
}

@misc{gogo,
  title = "{Gogo Inflight Internet Serves up 'Man in the Middle' with Fake SSL}",
  key = "Gogo",
  howpublished = {\url{http://www.csoonline.com/article/2865806/cloud-security/gogo-inflight-internet-serves-up-man-in-the-middle-with-fake-ssl.html}},
}

@misc{copyright,
  title = "{Bootleg Nation: How Strict are Chinese Copyright Laws?}",
  key = "Bootleg",
  howpublished = {\url{http://www.slate.com/articles/news_and_politics/explainer/2009/10/bootleg_nation.html}}
}

@misc{facebook_ny,
  title = "{Facebook Loses Appeal to Block Bulk Search Warrants}",
  key = "Facebook",
  howpublished = {\url{https://www.nytimes.com/2017/04/04/nyregion/facebook-bulk-search-warrants-new-york-state.html?_r=0}}
}

@inproceedings{levin2015alibi,
  title={Alibi Routing},
  author={Levin, Dave and Lee, Youndo and Valenta, Luke and Li, Zhihao and Lai, Victoria and Lumezanu, Cristian and Spring, Neil and Bhattacharjee, Bobby},
  booktitle={ACM SIGCOMM Computer Communication Review},
  volume={45},
  number={4},
  pages={611--624},
  year={2015},
  organization={ACM}
}

@article{greschbach2016effect,
  title={The Effect of DNS on Tor's Anonymity},
  author={Greschbach, Benjamin and Pulls, Tobias and Roberts, Laura M and Winter, Philipp and Feamster, Nick},
  booktitle={Network and Distributed System Security Symposium (NDSS)},
  year={2017}
}

@inproceedings{feamster2004location,
  title={Location Diversity in Anonymity Networks},
  author={Feamster, Nick and Dingledine, Roger},
  booktitle={Proceedings of the 2004 ACM Workshop on Privacy in the Electronic Society},
  pages={66--76},
  year={2004},
  organization={ACM}
}

@inproceedings{shmatikov2006timing,
  title={Timing Analysis in Low-Latency Mix Networks: Attacks and Defenses},
  author={Shmatikov, Vitaly and Wang, Ming-Hsiu},
  booktitle={European Symposium on Research in Computer Security},
  pages={18--33},
  year={2006},
  organization={Springer}
}

@inproceedings{sun2015raptor,
  title={RAPTOR: Routing Attacks on Privacy in Tor.},
  author={Sun, Yixin and Edmundson, Anne and Vanbever, Laurent and Li, Oscar and Rexford, Jennifer and Chiang, Mung and Mittal, Prateek},
  booktitle={USENIX Security},
  pages={271--286},
  year={2015}
}

@article{peter2015one,
  title={One Tunnel is (Often) Enough},
  author={Peter, Simon and Javed, Umar and Zhang, Qiao and Woos, Doug and Anderson, Thomas and Krishnamurthy, Arvind},
  journal={ACM SIGCOMM Computer Communication Review},
  volume={44},
  number={4},
  pages={99--110},
  year={2015},
  publisher={ACM}
}

@inproceedings{zhang2011scion,
  title={SCION: Scalability, Control, and Isolation on Next-Generation Networks},
  author={Zhang, Xin and Hsiao, Hsu-Chun and Hasker, Geoffrey and Chan, Haowen and Perrig, Adrian and Andersen, David G},
  booktitle={Security and Privacy (S\&P), 2011 IEEE Symposium on},
  pages={212--227},
  year={2011},
  organization={IEEE}
}

@techreport{dingledine2004tor,
  title={Tor: The Second-Generation Onion Router},
  author={Dingledine, Roger and Mathewson, Nick and Syverson, Paul},
  year={2004},
  institution={DTIC Document}
}

@inproceedings{nobori2014vpn,
  title={VPN Gate: A Volunteer-Organized Public VPN Relay System with Blocking Resistance for Bypassing Government Censorship Firewalls.},
  author={Nobori, Daiyuu and Shinjo, Yasushi},
  booktitle={NSDI},
  pages={229--241},
  year={2014}
}

@misc{safeharbor_ps_diffs,
  title = "{How Does Safe Harbor Compare to the EU-US Privacy Shield?}",
  key = "How",
  howpublished = {\url{http://www.onlinetech.com/resources/references/how-does-safe-harbor-compare-to-the-eu-us-privacy-shield}}
}

@misc{safeharbor,
  title = "{Safe Harbor}",
  key = "Safe",
  howpublished = {\url{http://2016.export.gov/safeharbor/}}
}

@misc{schrems,
  title = "{Schrems v. Data Protection Commissioner}",
  key = "Schrems",
  howpublished = {\url{https://epic.org/privacy/intl/schrems/}}
}

@misc{privacy_shield,
  title = "{Privacy Shield Framework}",
  key = "Privacy",
  howpublished = {\url{https://www.privacyshield.gov/welcome}}
}

@article{levis2012collateral,
  title={The Collateral Damage of Internet Censorship by DNS Injection},
  author={Anonymous},
  journal={ACM SIGCOMM CCR},
  volume={42},
  number={3},
  year={2012}
}

@article{edmundson2017ran,
  title="{RAN: Routing Around Nation-States}",
  author={Anonymized for review},
  year={2017}
}

@article{zhou2007chinese,
  title={Chinese Internet AS-level topology},
  author={Zhou, Shi and Zhang, G-Q},
  journal={IET communications},
  volume={1},
  number={2},
  pages={209--214},
  year={2007},
  publisher={IET}
}

@inproceedings{gupta2014peering,
  title={Peering at the Internetâ€™s Frontier: A First Look at ISP Interconnectivity in Africa},
  author={Gupta, Arpit and Calder, Matt and Feamster, Nick and Chetty, Marshini and Calandro, Enrico and Katz-Bassett, Ethan},
  booktitle={International Conference on Passive and Active Network Measurement},
  pages={204--213},
  year={2014},
  organization={Springer}
}

@inproceedings{fanou2015diversity,
  title={On the Diversity of Interdomain Routing in Africa},
  author={Fanou, Rod{\'e}rick and Francois, Pierre and Aben, Emile},
  booktitle={International Conference on Passive and Active Network Measurement},
  pages={41--54},
  year={2015},
  organization={Springer}
}

@inproceedings{bischof2015and,
  title={In and Out of Cuba: Characterizing Cuba's Connectivity},
  author={Bischof, Zachary S and Rula, John P and Bustamante, Fabi{\'a}n E},
  booktitle={Proceedings of the 2015 ACM Conference on Internet Measurement Conference},
  pages={487--493},
  year={2015},
  organization={ACM}
}

@inproceedings{wahlisch2010framework,
  title={A Framework for Nation-Centric Classification and Observation of the Internet},
  author={W{\"a}hlisch, Matthias and Meiling, Sebastian and Schmidt, Thomas C},
  booktitle={Proceedings of the ACM CoNEXT Student Workshop},
  pages={15},
  year={2010},
  organization={ACM}
}

@inproceedings{wahlisch2012exposing,
  title={Exposing a Nation-Centric View on the German Internet--A Change in Perspective on AS-level},
  author={W{\"a}hlisch, Matthias and Schmidt, Thomas C and de Br{\"u}n, Markus and H{\"a}berlen, Thomas},
  booktitle={International Conference on Passive and Active Network Measurement},
  pages={200--210},
  year={2012},
  organization={Springer}
}

@article{obar2013internet,
  title={Internet Surveillance and Boomerang Routing: A Call for Canadian Network Sovereignty},
  author={Obar, Jonathan A and Clement, Andrew},
  year={2013}
}

@techreport{shah2015characterizing,
  title={Characterizing International BGP Detours},
  author={Shah, Anant and Papadopoulos, Christos},
  year={2015},
  institution={Technical Report CS-15-104, Colorado State University}
}

@misc{whatsapp_uk,
  title = "{Whatsapp Encryption Keeps Us Safe: Attacking it is Wrong}",
  key = "Whatsapp",
  howpublished = {\url{http://www.telegraph.co.uk/technology/2017/03/27/whatsapps-encryption-keeps-us-safe-attacking-wrong/}}
}

@article{gustafssonhidden,
  title={The Hidden Mailman and His Mailbag: Routing Path Analysis from a European Perspective},
  author={Gustafsson, Josef and Hiran, Rahul and Krishnamoorthi, Vengatanathan and Carlsson, Niklas}
}

@article{karlin2009nation,
  title={Nation-state Routing: Censorship, Wiretapping, and BGP},
  author={Karlin, Josh and Forrest, Stephanie and Rexford, Jennifer},
  journal={arXiv preprint arXiv:0903.3218},
  year={2009}
}

@misc{twitter_gag,
  title="{Twitter Publishes FBI National Security Letters Following Gag Order Lift}",
  key="Twitter",
  howpublished = {\url{http://www.theverge.com/2017/1/28/14425122/twitter-publishes-fbi-national-security-letters-following-gag-order-lift}}
}

@misc{cloudflare_gag,
  title="{CREDO and Cloudflare Argue Against National Security Letter Gag Orders}",
  key="CREDO",
  howpublished={\url{https://techcrunch.com/2017/03/23/credo-and-cloudflare-argue-against-national-security-letter-gag-orders/}}
}

@misc{yahoo_gag,
  title="{Yahoo Just Published Three FBI National Security Letters Previously Under Gag Order}",
  key="Yahoo",
  howpublished = {\url{http://www.theverge.com/2016/6/1/11830334/yahoo-national-security-letters-published}}
}

@misc{google_gag,
  title="{Google Publishes Eight Secret Data Requests from the FBI}",
  key="Google",
  howpublished = {\url{http://www.theverge.com/2016/12/13/13938446/google-gag-order-national-security-letter-published-fbi}}
}

@misc{signal_fbi,
  title = "{Encryption App Signal Wins Fight Against FBI Subpoena and Gag Order}",
  key = "Encryption",
  howpublished = {\url{https://www.dailydot.com/layer8/signal-subpoena-privacy-gag-order/}}
}

@misc{stored_comm,
  title = "{Privacy: Stored Communications Act}",
  author={Electronic Frontier Foundation},
  howpublished = {\url{https://ilt.eff.org/index.php/Privacy:_Stored_Communications_Act}}
}

@misc{microsoft_ireland,
  title = "{The Surprising Implications of the Microsoft/Ireland Warrant Case}",
  key = "Surprising",
  howpublished = {\url{https://www.washingtonpost.com/news/volokh-conspiracy/wp/2016/11/29/the-surprising-implications-of-the-microsoftireland-warrant-case/?utm_term=.789766364ba7}}
}

@misc{global_warrant,
  title = "{Report of the Special Rapporteur on the right to privacy}",
  key = "Report",
  howpublished = {\url{http://www.ohchr.org/Documents/Issues/Privacy/A-HRC-31-64.doc}}
}

@misc{nsa_akamai,
  title = "{How the NSA \& FBI made Facebook the perfect mass surveillance tool}",
  key = "How",
  howpublished = {\url{https://venturebeat.com/2014/05/15/how-the-nsa-fbi-made-facebook-the-perfect-mass-surveillance-tool/}}
}

@misc{apple_fbi,
  title = "{Appleâ€™s FBI Battle Is Complicated. Hereâ€™s Whatâ€™s Really Going On}",
  key = "Apple",
  howpublished = {\url{https://www.wired.com/2016/02/apples-fbi-battle-is-complicated-heres-whats-really-going-on/}},
}

@misc{microsoft_germany,
  title = "{Microsoft Offers EU Customers Option to Store Data in Germany}",
  key = "Microsoft",
  howpublished = {\url{https://www.wsj.com/articles/microsoft-tightens-eu-clients-data-protection-1447247197}}
}

@article{arnbak2015loopholes,
  title={Loopholes for Circumventing the Constitution: Unrestrained Bulk Surveillance on Americans by Collecting Network Traffic Abroad},
  author={Arnbak, Axel and Goldberg, Sharon},
  year={2015}
}

@misc{brazil,
  title = "{Brazil Looks to Break from US Centric Internet}",
  key = "Brazil",
  howpublished = {\url{http://www.nbcnews.com/technology/amp/brazil-looks-break-us-centric-intenet-4B11180299}}
}

@misc{russia,
  title = "{LinkedIn Risks Russia Ban Over Data Localization Law}",
  key = "LinkedIn",
  howpublished = {\url{http://www.washingtontimes.com/news/2016/oct/26/linkedin-risks-russian-ban-not-complying-data-law/}}
}
